<collection xmlns="http://www.loc.gov/MARC21/slim"><record><leader>01657nam  2200445   450</leader><controlfield tag="001">583</controlfield><controlfield tag="003">http://montalegre.opacnet.com/OPAC/default.aspx?ContentAreaControl=ShowRegHoldings.ascx&amp;RegNo=16662</controlfield><controlfield tag="005">20</controlfield><datafield tag="010" ind1=" " ind2=" "><subfield code="a">972-8012-28-4</subfield></datafield><datafield tag="021" ind1=" " ind2=" "><subfield code="a">PT</subfield><subfield code="b">181180/02</subfield></datafield><datafield tag="100" ind1=" " ind2=" "><subfield code="a">20070518d2002    m  d0pory0103    ba</subfield></datafield><datafield tag="101" ind1="0" ind2=" "><subfield code="a">por</subfield></datafield><datafield tag="102" ind1=" " ind2=" "><subfield code="a">PT</subfield></datafield><datafield tag="200" ind1="1" ind2=" "><subfield code="a">Montalegre</subfield><subfield code="e">Terras de Barroso</subfield><subfield code="f">Manuel Dias</subfield><subfield code="g">Foto.: Jorge Tavares... [et al.]</subfield></datafield><datafield tag="210" ind1=" " ind2=" "><subfield code="a">Montalegre</subfield><subfield code="c">Câmara Municipal de Montalegre</subfield><subfield code="d">2002</subfield></datafield><datafield tag="215" ind1=" " ind2=" "><subfield code="a">141, [2] p.</subfield><subfield code="c">il.</subfield><subfield code="d">30 cm</subfield></datafield><datafield tag="606" ind1=" " ind2=" "><subfield code="a">Monografias regionais</subfield></datafield><datafield tag="607" ind1=" " ind2=" "><subfield code="a">Montalegre (concelho)</subfield><subfield code="2">Autoridade</subfield><subfield code="3">PT9999-00-10-2009040123590002471</subfield></datafield><datafield tag="607" ind1=" " ind2=" "><subfield code="a">Barroso</subfield><subfield code="2">Autoridade</subfield><subfield code="3">PT-----------2013110716210005967</subfield></datafield><datafield tag="675" ind1=" " ind2=" "><subfield code="a">908(469.202)</subfield></datafield><datafield tag="675" ind1=" " ind2=" "><subfield code="a">008(469.202)</subfield></datafield><datafield tag="700" ind1=" " ind2="1"><subfield code="a">Dias</subfield><subfield code="b">Manuel Artur Santos</subfield><subfield code="f">1934-</subfield></datafield><datafield tag="702" ind1=" " ind2="1"><subfield code="a">Tavares</subfield><subfield code="b">Jorge</subfield><subfield code="4">600</subfield></datafield><datafield tag="801" ind1=" " ind2="0"><subfield code="a">PT</subfield><subfield code="b">Biblioteca Municipal de Montalegre</subfield><subfield code="g">RPC</subfield></datafield><datafield tag="856" ind1=" " ind2=" "><subfield code="u">locateMedia.asp?cod=20060518164552&amp;ext=jpg</subfield><subfield code="z">CAPA</subfield></datafield><datafield tag="909" ind1="&#9;" ind2=" "><subfield code="a">10</subfield></datafield><datafield tag="930" ind1=" " ind2=" "><subfield code="d">SCG 908(469.202) DIA mon</subfield></datafield><datafield tag="930" ind1=" " ind2=" "><subfield code="d">SCG 008(469.202) DIA mon</subfield></datafield><datafield tag="930" ind1=" " ind2=" "><subfield code="d">PS 008(469.202) DIA mon</subfield></datafield><datafield tag="930" ind1=" " ind2=" "><subfield code="d">PS 908(469.202) DIA mon</subfield></datafield><datafield tag="930" ind1=" " ind2=" "><subfield code="d">BEBB 39 DIA</subfield></datafield><datafield tag="930" ind1=" " ind2=" "><subfield code="d">BEM 39(469.202) DIA</subfield></datafield><datafield tag="966" ind1=" " ind2=" "><subfield code="a">0015853</subfield><subfield code="l">BMM</subfield><subfield code="s">SCG 908(469.202) DIA mon</subfield></datafield><datafield tag="966" ind1=" " ind2=" "><subfield code="a">0015486</subfield><subfield code="l">BMM</subfield><subfield code="s">SCG 008(469.202) DIA mon</subfield></datafield><datafield tag="966" ind1=" " ind2=" "><subfield code="a">0016560</subfield><subfield code="l">BMM-PS</subfield><subfield code="s">PS 908(469.202) DIA mon</subfield></datafield><datafield tag="966" ind1=" " ind2=" "><subfield code="a">0016561</subfield><subfield code="l">BMM-PS</subfield><subfield code="s">PS 008(469.202) DIA mon</subfield></datafield><datafield tag="966" ind1=" " ind2=" "><subfield code="a">0015605</subfield><subfield code="l">BMM</subfield><subfield code="s">SCG 008(469.202) DIA mon</subfield></datafield><datafield tag="966" ind1=" " ind2=" "><subfield code="a">0016824</subfield><subfield code="l">BMM</subfield><subfield code="s">SCG 908(469.202) DIA mon</subfield></datafield><datafield tag="966" ind1=" " ind2=" "><subfield code="a">1101309</subfield><subfield code="l">BEBB</subfield><subfield code="s">BEBB 39 DIA</subfield></datafield><datafield tag="966" ind1=" " ind2=" "><subfield code="a">1101308</subfield><subfield code="l">BEBB</subfield><subfield code="s">BEBB 39 DIA</subfield></datafield><datafield tag="966" ind1=" " ind2=" "><subfield code="a">1003735</subfield><subfield code="l">BEM</subfield><subfield code="s">BEM 39(469.202) DIA</subfield></datafield><datafield tag="966" ind1=" " ind2=" "><subfield code="a">0015677</subfield><subfield code="l">BMM</subfield><subfield code="s">SCG 908(469.202) DIA mon</subfield></datafield></record></collection>